%!TeX program=BibTeX
%!TeX root=sablona.tex

@book{darwin-1900,
	author = {Darwin, Charles},
	month = {1},
	title = {{The origin of species, by Charles Darwin.}},
	year = {1900},
	doi = {10.5962/bhl.title.46292},
	url = {https://doi.org/10.5962/bhl.title.46292},
}
